
@LiveLink{SUIT-VISION,
author = {David R. Ciardi
Xiuqin Wu, Gregory Dubois‚ÄêFelsmann},
title={A Vision for the Science User Interface and Tools},
institution={IPAC},
year={2016},
month={sept},
url={email},
note={},
llnote={},
livelinknumber={NO-DOCCODE},
livelinkshortnumber={{SUIT-VISION}}
}

@LiveLink{LDM-130,
author = {Unknown},
title={SUIT Requirements documents},
institution={IPAC},
year={2017},
month={sept},
url={http://ls.st/LDM-130},
note={},
llnote={},
livelinknumber={LDM-130},
livelinkshortnumber={{LDM-130}}
}
